@article{thompson2009nuclear,
  title={Nuclear reactions for astrophysics: principles, calculation and applications of low-energy reactions},
  author={Thompson, Ian J and Nunes, Filomena M},
  pages={62--64,129--131},
  year={2009},
  publisher={Cambridge University Press}
}
@Misc{FRESCO,  
howpublished = {\url{http://www.fresco.org.uk/}},  
note = {Accessed Feb 25, 2018},  
title = {FRESCO, Coupled Reaction Channels Calculations},  
author = {I.J. Thompson}  
}  
@article{capote2009ripl,
  title={RIPL--reference input parameter library for calculation of nuclear reactions and nuclear data evaluations},
  author={Capote, Roberto and Herman, Michel and Oblo{\v{z}}insk{\`y}, P and Young, PG and Goriely, St{\'e}phane and Belgya, T and Ignatyuk, AV and Koning, Arjan J and Hilaire, St{\'e}phane and Plujko, Vladimir A and others},
  journal={Nuclear Data Sheets},
  volume={110},
  number={12},
  pages={3107--3214},
  year={2009},
  publisher={Elsevier}
}
@article{koning2003local,
  title={Local and global nucleon optical models from 1 keV to 200 MeV},
  author={Koning, AJ and Delaroche, JP},
  journal={Nuclear Physics A},
  volume={713},
  number={3-4},
  pages={231--310},
  year={2003},
  publisher={Elsevier}
}