@article{thompson2009nuclear,
  title={Nuclear reactions for astrophysics: principles, calculation and applications of low-energy reactions},
  author={Thompson, Ian J and Nunes, Filomena M},
  pages={62--64,129--131},
  year={2009},
  publisher={Cambridge University Press}
}
@Misc{FRESCO,  
howpublished = {\url{http://www.fresco.org.uk/}},  
note = {Accessed Feb 25, 2018},  
title = {FRESCO, Coupled Reaction Channels Calculations},  
author = {I.J. Thompson}  
}  
@article{capote2009ripl,
  title={{RIPL}--reference input parameter library for calculation of nuclear reactions and nuclear data evaluations},
  author={Capote, Roberto and Herman, Michel and Oblo{\v{z}}insk{\`y}, P and Young, PG and Goriely, St{\'e}phane and Belgya, T and Ignatyuk, AV and Koning, Arjan J and Hilaire, St{\'e}phane and Plujko, Vladimir A and others},
  journal={Nuclear Data Sheets},
  volume={110},
  number={12},
  pages={3107--3214},
  year={2009},
  publisher={Elsevier}
}
@article{koning2003local,
  title={Local and global nucleon optical models from 1 {keV} to 200 {MeV}},
  author={Koning, AJ and Delaroche, JP},
  journal={Nuclear Physics A},
  volume={713},
  number={3-4},
  pages={231--310},
  year={2003},
  publisher={Elsevier}
}
@article{MANI1971384_ProtonPb208Data,
	title = "Elastic scattering of 50 {MeV} Protons by Nuclei in the range from ${}^{42}${Ca} to ${}^{208}${Pb}",
	journal = "Nuclear Physics A",
	volume = "165",
	number = "2",
	pages = "384 - 392",
	year = "1971",
	issn = "0375-9474",
	doi = "https://doi.org/10.1016/0375-9474(71)90766-4",
	url = "http://www.sciencedirect.com/science/article/pii/0375947471907664",
	author = "G.S. Mani and D.T. Jones and D. Jacques",
	keywords = "Nuclear reactions"
}
@article{PhysRevC.85.024619_NeutronPb208Data,
	title = {Neutron scattering from ${}^{208}${Pb} at 30.4 and 40.0 {MeV} and isospin dependence of the nucleon optical potential},
	author = {DeVito, R. P. and Khoa, Dao T. and Austin, Sam M. and Berg, U. E. P. and Loc, Bui Minh},
	journal = {Phys. Rev. C},
	volume = {85},
	issue = {2},
	pages = {024619},
	numpages = {9},
	year = {2012},
	month = {Feb},
	publisher = {American Physical Society},
	doi = {10.1103/PhysRevC.85.024619},
	url = {https://link.aps.org/doi/10.1103/PhysRevC.85.024619}
}
